<record><leader>00000cas a22000007a 4500</leader><controlfield tag="001">11306236</controlfield><controlfield tag="008">841024d19161942nyudn ne      0    0eng d</controlfield><datafield ind1=" " ind2=" " tag="010"><subfield code="a">sn 84031883 </subfield></datafield><datafield ind1=" " ind2=" " tag="040"><subfield code="a">NYG</subfield><subfield code="b">eng</subfield><subfield code="c">NYG</subfield><subfield code="d">NYS</subfield><subfield code="d">NYG</subfield><subfield code="d">NYS</subfield><subfield code="d">OCLCQ</subfield><subfield code="d">DLC</subfield><subfield code="d">OCLCQ</subfield><subfield code="d">OCLCF</subfield></datafield><datafield ind1=" " ind2=" " tag="042"><subfield code="a">msc</subfield></datafield><datafield ind1=" " ind2=" " tag="043"><subfield code="a">n-us-ny</subfield></datafield><datafield ind1="0" ind2="0" tag="245"><subfield code="a">Plattsburgh daily Republican.</subfield></datafield><datafield ind1=" " ind2=" " tag="260"><subfield code="a">Plattsburgh, N.Y. :</subfield><subfield code="b">Plattsburgh Republican Pub. Co.</subfield></datafield><datafield ind1=" " ind2=" " tag="300"><subfield code="a">v. :</subfield><subfield code="b">ill. ;</subfield><subfield code="c">56 cm.</subfield></datafield><datafield ind1=" " ind2=" " tag="310"><subfield code="a">Daily (except Sunday)</subfield></datafield><datafield ind1="1" ind2=" " tag="362"><subfield code="a">Began in 1916.</subfield></datafield><datafield ind1="0" ind2=" " tag="362"><subfield code="a">-v. 160, no. 233 (Oct. 5, 1942).</subfield></datafield><datafield ind1=" " ind2=" " tag="500"><subfield code="a">"The official Democratic newspaper of Clinton County and the city of Plattsburgh."</subfield></datafield><datafield ind1=" " ind2=" " tag="588"><subfield code="a">Description based on: Vol. 106, no. 1 (June 1, 1916).</subfield></datafield><datafield ind1=" " ind2="0" tag="651"><subfield code="a">Plattsburgh (N.Y.)</subfield><subfield code="v">Newspapers.</subfield></datafield><datafield ind1=" " ind2="0" tag="651"><subfield code="a">Clinton County (N.Y.)</subfield><subfield code="v">Newspapers.</subfield></datafield><datafield ind1=" " ind2="7" tag="655"><subfield code="a">Newspapers.</subfield><subfield code="2">fast</subfield><subfield code="0">(OCoLC)fst01423814</subfield></datafield><datafield ind1=" " ind2="7" tag="651"><subfield code="a">New York (State)</subfield><subfield code="z">Clinton County.</subfield><subfield code="2">fast</subfield><subfield code="0">(OCoLC)fst01212830</subfield></datafield><datafield ind1=" " ind2="7" tag="651"><subfield code="a">New York (State)</subfield><subfield code="z">Plattsburgh.</subfield><subfield code="2">fast</subfield><subfield code="0">(OCoLC)fst01212838</subfield></datafield><datafield ind1=" " ind2=" " tag="752"><subfield code="a">United States</subfield><subfield code="b">New York</subfield><subfield code="c">Clinton</subfield><subfield code="d">Plattsburgh.</subfield></datafield><datafield ind1="0" ind2="0" tag="780"><subfield code="t">Plattsburgh Republican</subfield><subfield code="w">(DLC)sn 83031979</subfield></datafield><datafield ind1="0" ind2="7" tag="785"><subfield code="t">Plattsburgh daily press</subfield><subfield code="w">(DLC)sn 84031094</subfield></datafield><datafield ind1="0" ind2="7" tag="785"><subfield code="t">Plattsburgh press-Republican</subfield><subfield code="w">(DLC)sn 84031356</subfield></datafield></record>